<record><leader>00000cas a22000007a 4500</leader><controlfield tag="001">27480947</controlfield><controlfield tag="008">930222d188018uucaudn ne      0    0eng d</controlfield><datafield ind1=" " ind2=" " tag="010"><subfield code="a">sn 93050958 </subfield></datafield><datafield ind1=" " ind2=" " tag="040"><subfield code="a">CUY</subfield><subfield code="b">eng</subfield><subfield code="c">CNK</subfield><subfield code="d">OCLCQ</subfield></datafield><datafield ind1=" " ind2=" " tag="042"><subfield code="a">msc</subfield></datafield><datafield ind1="0" ind2=" " tag="130"><subfield code="a">Daily ledger (Marysville, Calif.)</subfield></datafield><datafield ind1="1" ind2="4" tag="245"><subfield code="a">The daily ledger.</subfield></datafield><datafield ind1=" " ind2=" " tag="260"><subfield code="a">Marysville [Calif.] :</subfield><subfield code="b">Smith &amp; King</subfield></datafield><datafield ind1=" " ind2=" " tag="300"><subfield code="a">v.</subfield></datafield><datafield ind1=" " ind2=" " tag="310"><subfield code="a">Daily (except Sun.)</subfield></datafield><datafield ind1="1" ind2=" " tag="362"><subfield code="a">Begain in May 1880.</subfield></datafield><datafield ind1=" " ind2=" " tag="588"><subfield code="a">Description based on: Vol. 1, no. 5 (May 10, 1880).</subfield></datafield><datafield ind1=" " ind2="4" tag="651"><subfield code="a">Marysville (Calif.)</subfield><subfield code="v">Newspapers.</subfield></datafield><datafield ind1=" " ind2=" " tag="752"><subfield code="a">United States</subfield><subfield code="b">California</subfield><subfield code="c">Yuba</subfield><subfield code="d">Marysville.</subfield></datafield><datafield ind1="1" ind2=" " tag="029"><subfield code="a">AU@</subfield><subfield code="b">000020735840</subfield></datafield></record>